@article{sinha2022curious,
 author = {Sinha, Koustuv and Kazemnejad, Amirhossein and Reddy, Siva and Pineau, Joelle and Hupkes, Dieuwke and Williams, Adina},
 journal = {Findings of Empirical Methods of Natural Language Processing},
 title = {The Curious Case of Absolute Position Embeddings},
 year = {2022}
}

