@article{sinha2020neurips,
 author = {Koustuv Sinha and Joelle Pineau and Jessica Forde and
Rosemary Nan Ke and Hugo Larochelle},
 code = {https://github.com/ReScience/NeurIPS-2019},
 doi = {10.5281/zenodo.3818627},
 epdf = {../assets/files/rc_neurips_2019.pdf},
 journal = {ReScience C},
 month = {may},
 number = {2},
 pages = {#11},
 title = {NeurIPS 2019 Reproducibility Challenge},
 url = {https://doi.org/10.5281/zenodo.3818627},
 volume = {6},
 year = {2020}
}

