@article{Pineau:2019,
 author = {Pineau, Joelle and Sinha, Koustuv and Fried, Genevieve and
Ke, Rosemary Nan and Larochelle, Hugo},
 code_url = {https://github.com/reproducibility-challenge/iclr_2019},
 doi = {10.5281/zenodo.3158244},
 epdf = {../assets/files/rc_iclr_2019.pdf},
 journal = {ReScience C},
 keywords = {machine learning, ICLR, reproducibility challenge},
 month = {May},
 number = {2},
 pages = {#5},
 review_url = {https://github.com/ReScience/submissions/issues/5},
 title = {ICLR Reproducibility Challenge 2019},
 type = {Editorial},
 url = {https://zenodo.org/record/3158244/files/article.pdf},
 volume = {5},
 year = {2019}
}

