---
---

@string{aps = {American Physical Society,}}

@article{sinha2018hier,
  Author = {{Sinha}, Koustuv and {Dong}, Yue and {Chi-kit Cheung}, Jackie and {Ruths}, Derek},
  Title = {A Hierarchical Neural Attention-based Text Classifier},
  journal = {Empirical Methods of Natural Language Processing (EMNLP)},
  year = {2018}
}

@article{henderson2017ethics,
  Author = {{Henderson}, Peter and {Sinha}, Koustuv and {Angelard-Gontier}, Nicolas and {Ke}, {Nan Rosemary} and {Fried}, {Genevieve} and {Lowe}, Ryan and {Pineau}, Joelle},
  Title = {Ethical Challenges in Data-Driven Dialogue Systems},
  journal = {AAAI/ACM AI Ethics and Society Conference},
  year = {2018},
  url={https://arxiv.org/pdf/1711.09050.pdf}
  }
